<record><leader>00000cas a22000007a 4500</leader><controlfield tag="001">19130588</controlfield><controlfield tag="008">890209d19851987deuwr ne      0    0eng d</controlfield><datafield ind1=" " ind2=" " tag="010"><subfield code="a">sn 89099201 </subfield></datafield><datafield ind1=" " ind2=" " tag="040"><subfield code="a">DEX</subfield><subfield code="b">eng</subfield><subfield code="c">DEX</subfield><subfield code="d">NSD</subfield><subfield code="d">OCLCQ</subfield></datafield><datafield ind1=" " ind2=" " tag="042"><subfield code="a">msc</subfield></datafield><datafield ind1="0" ind2="0" tag="245"><subfield code="a">Smyrna Clayton sun.</subfield></datafield><datafield ind1=" " ind2=" " tag="260"><subfield code="a">Smyrna, Del. :</subfield><subfield code="b">Smyrna/Clayton Sun</subfield></datafield><datafield ind1=" " ind2=" " tag="300"><subfield code="a">v.</subfield></datafield><datafield ind1=" " ind2=" " tag="310"><subfield code="a">Weekly</subfield></datafield><datafield ind1="0" ind2=" " tag="362"><subfield code="a">Vol. 1, no. 1 (Mar. 6, 1985)-v. 3, no. 19 (July 15, 1987).</subfield></datafield><datafield ind1=" " ind2=" " tag="752"><subfield code="a">United States</subfield><subfield code="b">Delaware</subfield><subfield code="c">Kent</subfield><subfield code="d">Smyrna.</subfield></datafield><datafield ind1=" " ind2=" " tag="752"><subfield code="a">United States</subfield><subfield code="b">Delaware</subfield><subfield code="c">Kent</subfield><subfield code="d">Clayton.</subfield></datafield><datafield ind1="0" ind2="7" tag="785"><subfield code="t">Smyrna times</subfield><subfield code="w">(DLC)sn 84020422</subfield></datafield><datafield ind1="0" ind2="7" tag="785"><subfield code="t">Smyrna Clayton sun times</subfield><subfield code="x">1078-2540</subfield><subfield code="w">(DLC)sn 89099202</subfield></datafield></record>